
citation examples:
@book{book:ai-ama,
    author = "{P. Norvig, S. J. Russell}",
    title = "Artificial Intelligence: A Modern Approach",
    publisher = "Prentice Hall",
    year = "{2009 (3rd Ed.)}"
}

@article{article:Cai,
author = {Cai, Gui-lin and Wang, Bao-sheng and Hu, Wei and Wang, Tian-zuo},
year = {2016},
pages = {1122-1153},
title = {Moving target defense: state of the art and characteristics},
volume = {17},
journal = {Frontiers of Information Technology & Electronic Engineering},
doi = {10.1631/FITEE.1601321}
}



@article{article:vonderAssen,
author = {von der Assen, Jan and Huertas, Alberto and Sánchez, Pedro Miguel and Cedeño, Jordan and Bovet, Gérôme and Martinez Perez, Gregorio and Stiller, Burkhard},
year = {2022},
pages = {},
title = {A Lightweight Moving Target Defense Framework for Multi-purpose Malware Affecting IoT Devices},
doi = {10.48550/arXiv.2210.07719}
}




@article{navas:2021MTDWhere,  author={Navas, Renzo E. and Cuppens, Frédéric and Boulahia Cuppens, Nora and Toutain, Laurent and Papadopoulos, Georgios Z.},  journal={IEEE Internet of Things Journal},   title={MTD, Where Art Thou? A Systematic Review of Moving Target Defense Techniques for IoT},   year={2021},  volume={8},  number={10},  pages={7818-7832},  doi={10.1109/JIOT.2020.3040358}}


@electronic{report:GhoshMovingTargetDefense,
    author = "{A.K. Ghosh, I. D. Pendarakis, W.H. Sanders}",
    title = "National Cyber Leap Year Summit 2009",
%    year = "2009",
    note = {\url{https://www.nitrd.gov/nitrdgroups/images/b/bd/National\_Cyber\_Leap\_Year\_Summit\_2009\_CoChairs\_Report.pdf} (accessed Aug. 19, 2022)}}

    
@electronic{report:SecurityandPrivacyControls,
    author = "{National Institute of Standards and Technology}",
    title = "Security and Privacy Controls for Information Systems and Organizations",
    %year = "2020",
    note = {\url{https://nvlpubs.nist.gov/nistpubs/SpecialPublications/NIST.SP.800-53r5.pdf} (accessed Aug. 12, 2022)}} 
    
    
@article{article:okhraviFindingFocus,  author={Okhravi, Hamed and Hobson, Thomas and Bigelow, David and Streilein, William},  journal={IEEE Security \& Privacy},   title={Finding Focus in the Blur of Moving-Target Techniques},   year={2014},  volume="12",  number="2",  pages={16-26},  doi={10.1109/MSP.2013.137}}
 volume = "17",
    pages = {1122-1153},
    number = "11",
    year = "2016",
    note = "doi:10.1038/srep24454",



@article{article:Santra2013,
  title={A Study And Analysis on Computer Network Topology For Data Communication},
  author={Santanu Santra and Pinaki Pratim Acharjya},
  year={2013}, journal={International Journal of Emerging Technology and Advanced Engineering}, volume={3}, number={1}
}

@techreport{report:cern,
      author        = "Agarwal, Sharad and Oser, Pascal and Short, Hannah and
                       Lueders, Stefan",
      title         = "{Internet of Things (IoT) security}",
      address       = "Geneva",
      year          = "2017",
      url           = "https://cds.cern.ch/record/2776796",
      doi           = "10.5281/zenodo.1035034",
}


@electronic{website:statistaIoT,
    author = "{Statista}",
    title = "Number of Internet of Things (IoT) connected devices worldwide from 2019 to 2021, with forecasts from 2022 to 2030",
    %year = "2022",
    note = {\url{https://www.statista.com/statistics/1183457/iot-connected-devices-worldwide/#:~:text= The number of Internet of Things(IoT) devices,in China with around 5 billion consumer devices} (accessed Sep. 18, 2022)}} 
    
    
@electronic{website:fortuneIoT,
    author = "{Fortune Business Insights}",
    title = "Internet of Things (IoT) Market Size, Share & COVID-19 Impact Analysis, By Component (Platform, Solution & Services), By End-use Industry (BFSI, Retail, Government, Healthcare, Manufacturing, Agriculture, Sustainable Energy, Transportation, IT & Telecom, and Others), and Regional Forecast, 2022-2029",
    %year = "2022",
    note = {\url{https://www.fortunebusinessinsights.com/industry-reports/internet-of-things-iot-market-100307} (accessed Sep. 18, 2022)} 
    }
    
@electronic{website:gfuSurvery,
    author = "{gfu Consumer & Home Electronics}",
    title = "Smart homes: Survey in Germany and the United Kingdom",
    %year = "2021",
    note = {\url{https://gfu.de/en/smart-home-befragung-in-deutschland-und-grossbritannien/} (accessed Sep. 18, 2022)}} 
    
    
@article{article:Lombardi2021,
title={Internet of Things: A General Overview between Architectures, Protocols and Applications},
author="{M. Lombardi, F. Pascale, D. Santaniello}",
year={2021}, journal={Information}, volume={12}, number={2}
}


@electronic{website:surveyOfCyberMovingTargets,
    author = "{B. C. Ward, S. R. Gomez, R. W. Skowyra, D. Bigelow, J. N. Martin, J. W. Landry, H. Okhravi}",
    title = "Survey of Cyber Moving Targets
    Second Edition",
    %year = "2018",
    note = {\url{http://web.mit.edu/br26972/www/pubs/mt_survey.pdf} (accessed Oct. 05, 2022)}} 
    
    
@electronic{website:eclipseIoT,
    author = "{Eclipse Foundation}",
    title = "IoT \& Edge Developer Survey Report",
    %year = "2022",
    note = {\url{https://5413615.fs1.hubspotusercontent-na1.net/hubfs/5413615/2022 IoT & Edge Developer Survey Report.pdf?hsCtaTracking=005f9ab7-5a8b-4efb-8733-ccfc469871fa\%7C49968bbc-8827-4c1d-87cb-836dd8419b3b} (accessed Oct. 07, 2022)}} 
    
@electronic{website:freeRTOS,
    author = "{freeRTOS}",
    title = "FreeRTOS",
%    year = "n.d.",
    note = {\url{https://freertos.org/} (accessed Oct. 07, 2022)}} 
    
    
@inproceedings{article:Zhang,
author = {Zhang, Guangsen and Parashar, Manish},
year = {2005},
month = {01},
pages = {113-122},
title = {Cooperative Defense against Network Attacks}
}


@INPROCEEDINGS{article:RodriguesEvaluation,  author={Rodrigues, Bruno and Eisenring, Lukas and Scheid, Eder and Bocek, Thomas and Stiller, Burkhard},  booktitle={2019 IFIP/IEEE Symposium on Integrated Network and Service Management (IM)},   title={Evaluating a Blockchain-based Cooperative Defense},   year={2019},  volume={},  number={},  pages={533-538},  doi={}}


@inproceedings{article:RodiguesBlockchain,
author = {Rodrigues, Bruno and Bocek, Thomas and Lareida, Andri and Hausheer, David and Rafati, Sina and Stiller, Burkhard},
year = {2017},
pages = {16-29},
title = {A Blockchain-Based Architecture for Collaborative DDoS Mitigation with Smart Contracts},
isbn = {978-3-319-60773-3},
doi = {10.1007/978-3-319-60774-0_2}
}
    
    
    
@electronic{website:cloudFlare,
    author = "{Cloudflare}",
    title = "What is an autonomous system? | What are ASNs?",
%    year = "n.d.",
    note = {\url{https://www.cloudflare.com/learning/network-layer/what-is-an-autonomous-system/} (accessed Oct. 11, 2022)}} 

@inproceedings{article:Cedeno,
title={Mitigating Cyberattacks Affecting Resource-constrained Devices Through Moving Target Defense
(MTD) Mechanisms},
author={Jordan Cedeño},
year={2022} 
}

@INPROCEEDINGS{NavasDefenseFramework,  author={Navas, Renzo E. and Sandaker, Håkon and Cuppens, Frédéric and Cuppens, Nora and Toutain, Laurent and Papadopoulos, Georgios Z.},  booktitle={2020 IEEE Symposium on Computers and Communications (ISCC)},   title={{IANVS}: A Moving Target Defense Framework for a Resilient Internet of Things},   year={2020},  volume={},  number={},  pages={1-6},  doi={10.1109/ISCC50000.2020.9219728}}


@article{article:mercado-velazquez,
  author={Mercado-Velázquez, Andrés Aharhel and Escamilla-Ambrosio, Ponciano Jorge and Ortiz-Rodríguez, Floriberto},
  journal={IEEE Access}, 
  title={A Moving Target Defense Strategy for Internet of Things Cybersecurity}, 
  year={2021},
  volume={9},
  number={},
  pages={118406-118418},
  doi={10.1109/ACCESS.2021.3107403}}



@electronic{website:KasperskyAMalwareStory,
    author = "{D. Demeter, M. Preuss, Y. Shmelev}",
    title = "IoT: a malware story",
    %year = "2019",
    note = {\url{https://securelist.com/iot-a-malware-story/94451/} (accessed Oct. 19, 2022)}} 
    
    
@electronic{website:IEEEPosix,
    author = "{The Open Group}",
    title = "IEEE Std 1003.1™-2017",
    %year = "2018",
    note = {\url{https://pubs.opengroup.org/onlinepubs/9699919799/} (accessed Oct. 19, 2022)}} 
    
@electronic{website:linuxHint,
    author = "{F. Hofmann}",
    title = "Is Linux POSIX-Compliant?",
    %year = "2020",
    note = {\url{https://linuxhint.com/is_linux_posix_compliant/} (accessed Oct. 19, 2022)}} 



@electronic{website:comodoAntivirus,
    author = "{Comodo Antivirus}",
    title = "Sophisticated Linux Trojan Self-Deletes to Elude Detection?",
    %year = "2016",
    note = {\url{https://antivirus.comodo.com/blog/computer-safety/linux-trojan-self-deletes-elude-detection/} (accessed Oct. 20, 2022)}} 
    
@electronic{website:dahuaDefault,
    author = "{Security Cam Center}",
    title = "Dahua Default Password",
    %year = "2022",
    note = {\url{https://securitycamcenter.com/dahua-default-password/} (accessed Oct. 20, 2022)}} 
    
    
@INPROCEEDINGS{article:evOfBashlite,  author={Marzano, Artur and Alexander, David and Fonseca, Osvaldo and Fazzion, Elverton and Hoepers, Cristine and Steding-Jessen, Klaus and Chaves, Marcelo H. P. C. and Cunha, Ítalo and Guedes, Dorgival and Meira, Wagner},  booktitle={2018 IEEE Symposium on Computers and Communications (ISCC)},   title={The Evolution of Bashlite and Mirai IoT Botnets},   year={2018},  volume={},  number={},  pages={00813-00818},  doi={10.1109/ISCC.2018.8538636}}



@electronic{website:TrendMicroBashlite,
    author = "{M. Vicente, B. Gelera, A. Remillano, C. Toyama, J. Urbanec }",
    title = "Bashlite Updated with Mining and Backdoor Commands",
    %year = "2019",
    note = {\url{https://www.trendmicro.com/en_us/research/19/d/bashlite-iot-malware-updated-with-mining-and-backdoor-commands-targets-wemo-devices.html} (accessed Oct. 20, 2022)}} 


@article{article:DDoSinIoT,  author={Kolias, Constantinos and Kambourakis, Georgios and Stavrou, Angelos and Voas, Jeffrey},  journal={Computer},   title={DDoS in the IoT: Mirai and Other Botnets},   year={2017},  volume={50},  number={7},  pages={80-84},  doi={10.1109/MC.2017.201}}


@electronic{website:IBMIoT,
    author = "{J. S. Perry}",
    title = "Anatomy of an IoT malware attack",
    %year = "2019",
    note = {\url{https://developer.ibm.com/articles/iot-anatomy-iot-malware-attack/} (accessed Oct. 21, 2022)}}
    
@electronic{website:malwarebytes,
    author = "{Malwarebytes}",
    title = "Malware",
    %year = "2022",
    note = {\url{https://www.malwarebytes.com/malware} (accessed Oct. 21, 2022)}} 
    
    
    
@article{article:surveyIoTmalware,
title = {A survey of IoT malware and detection methods based on static features},
journal = {ICT Express},
volume = {6},
number = {4},
pages = {280-286},
year = {2020},
issn = {2405-9595},
doi = {10.1016/j.icte.2020.04.005},
author = {Quoc-Dung Ngo and Huy-Trung Nguyen and Van-Hoang Le and Doan-Hieu Nguyen},
}
    

@electronic{website:oracleVirtualBox,
    author = "{VirtualBox}",
    title = "VirtualBox",
    %year = "n.d.",
    note = {\url{https://www.virtualbox.org/} (accessed Oct. 30, 2022)}}
    
@electronic{website:malwarebytes,
    author = "{Malwarebytes}",
    title = "CYBERSECURITY. FOR EVERY ONE.",
    %year = "2022",
    note = {\url{https://www.malwarebytes.com/} (accessed Oct. 30, 2022)}}
    
@electronic{website:realPythonSockets,
    author = "{Nathan Jennings}",
    title = "Socket Programming in Python (Guide)",
    %year = "2022",
    note = {\url{https://realpython.com/python-sockets/} (accessed Oct. 30, 2022)]}}
    
    
@electronic{website:malwarebazaar,
    author = "{MalwareBazaar}",
    title = "MalwareBazaar",
    %year = "2022",
    note = {\url{https://bazaar.abuse.ch/} (accessed Nov. 24, 2022)}}
    
@electronic{website:GitHub,
    author = "{GitHub}",
    title = "Let’s build from here",
    %year = "2022",
    note = {\url{https://github.com/} (accessed Nov. 24, 2022)}}
    
@electronic{website:iot-malware-2017,
  author = {Fei Ding},
  title = {IoT Malware},
  %year = {2017},
  note ={\url{https://github.com/ifding/iot-malware} (accessed Nov. 24, 2022)}}

@electronic{website:githubMirai,
  author = {jgamblin},
  title = {Mirai-Source-Code},
  %year = {2017},
  note ={\url{https://github.com/jgamblin/Mirai-Source-Code} (accessed Nov. 24, 2022)}}

@electronic{website:githubBashlite,
  author = {hammerzeit},
  title = {BASHLITE},
  %year = {2016},
  note ={\url{https://github.com/hammerzeit/BASHLITE} (accessed Nov. 24, 2022)}}
  
  
@electronic{website:gccincredicuild,
  author = {Incredibuild},
  title = {GCC},
  %year = {2022},
  note ={\url{https://www.incredibuild.com/integrations/gcc} (accessed Nov. 24, 2022)}}
  
  
@electronic{website:fork,
author = {Michael Kerrisk},
title = {fork(2) — Linux manual page},
%year = {2021},
note ={\url{https://man7.org/linux/man-pages/man2/fork.2.html} (accessed Nov. 24, 2022)}}
    


   
@electronic{website:linuxExpect,
author = {Don Libes},
title = {expect(1) - Linux man page},
%year = {n.d.},
note ={\url{https://linux.die.net/man/1/expect} (accessed Nov. 28, 2022)}}


@electronic{website:githubMirai,
author = {Jerry Gamblin},
title = {Mirai-Source-Code},
%year = {2017},
note ={\url{https://github.com/jgamblin/Mirai-Source-Code} (accessed Nov. 30, 2022)}}

@electronic{website:gitSpeedGuide,
author = {Speed Guide},
title = {Port 2323 Details},
%year = {n.d.},
note ={\url{https://www.speedguide.net/port.php?port=2323} (accessed Nov. 30, 2022)}}

@electronic{website:trendmicroTheFuture,
author = {Fuentes, Mayra Rosario and Hilt, Stephen and McArdle, Robert and Merces, Fernando and Sancho, David },
title = {The Future of P2P IoT Botnets},
%year = {2021},
note={\url{https://www.trendmicro.com/en_us/research/21/c/the-future-of-p2p-iot-botnets.html#:~:text=For\%20P2P\%20IoT\%20botnets\%20to,a\%20mere\%20internet\%2Dconnected\%20device} (accessed Dec. 19, 2022)}}


@electronic{website:europol,
author = {Europol},
title = {Andromeda botnet dismantled in international cyber operation},
%year = {2017},
note ={\url{ https://www.europol.europa.eu/media-press/newsroom/news/andromeda-botnet-dismantled-in-international-cyber-operation} (accessed Dec. 19, 2022)}}

@electronic{website:trendMicroUncleanable,
author = {Hilt, Stephen and McArdle, Robert and Merces, Fernando and Rosario,Mayra and Sancho, David},
title = {Uncleanable and Unkillable: The Evolution of IoT Botnets Through P2P Networking},
%year = {2017},
note ={\url{ https://documents.trendmicro.com/assets/pdf/Technical_Brief_Uncleanable_and_Unkillable_The_Evolution_of_IoT_Botnets_Through_P2P_Networking.pdf} (accessed Dec. 19, 2022)}}



@electronic{website:ss,
author = {Michael Kerrisk},
title = {{ss(8) — linux manual page}},
%year = {2022},
note ={\url{https://man7.org/linux/man-pages/man8/ss.8.html} (accessed Dec. 23, 2022)}}


@electronic{website:inet,
author = {Debian Manpages},
title = {{INETD(8)}},
%year = {2019},
note ={\url{https://manpages.debian.org/testing/inetutils-inetd/inetutils-inetd.8.en.html#HISTORY} (accessed Dec. 23, 2022)}}


@electronic{website:sed,
author = {Gnu},
title = {{GNU sed}},
%year = {2020},
note ={\url{https://www.gnu.org/software/sed/manual/sed.html} (accessed Dec. 25, 2022)}}


@electronic{website:pythonSubprocess,
author = {Python Software Foundation},
title = {subprocess — Subprocess management},
%year = {2022},
note ={\url{https://docs.python.org/3/library/subprocess.html} (accessed Dec. 25, 2022)}}



@article{article:surveyMTD,
  doi = {10.48550/ARXIV.1909.08092},
  url = {https://arxiv.org/abs/1909.08092},
  author = {Cho, Jin-Hee and Sharma, Dilli P. and Alavizadeh, Hooman and Yoon, Seunghyun and Ben-Asher, Noam and Moore, Terrence J. and Kim, Dong Seong and Lim, Hyuk and Nelson, Frederica F.},
  title = {Toward Proactive, Adaptive Defense: A Survey on Moving Target Defense}, 
  year = {2019},
}


@electronic{website:cloudFlarePAN,
author = {Cloudflare},
title = {What is a personal area network (PAN)?},
%year = {n.d.},
note ={\url{https://www.cloudflare.com/learning/network-layer/what-is-a-personal-area-network/} (accessed Jan. 07, 2023)}}


@electronic{website:raspberryOSDesktop,
author = {{Raspberry Pi}},
title = {Raspberry Pi Desktop for PC and Mac},
%year = {n.d.},
note ={\url{https://www.raspberrypi.com/software/raspberry-pi-desktop/} (accessed Nov. 24, 2022)}}


@electronic{website:netcat,
author = {SecTools},
title = {Netcat},
%year = {n.d.},
note ={\url{https://sectools.org/tool/netcat/} (accessed Nov. 24, 2022)}}



@electronic{website:intelInfo,
author = {Intel},
title = {Intel® Core™ i7-6600U Processor},
%year = {n.d.},
note ={\url{https://www.overleaf.com/project/62ea340eebbfc33642a986f3} (accessed Dec. 24, 2022)}}





@electronic{website:nmapTiming,
author = {nmap},
title = {Timing and Performance},
%year = {n.d.},
note ={\url{https://nmap.org/book/man-performance.html} (accessed Jan. 21, 2023)}}





@INPROCEEDINGS{article:MT6D,
  author={Dunlop, Matthew and Groat, Stephen and Urbanski, William and Marchany, Randy and Tront, Joseph},
  booktitle={2011 - MILCOM 2011 Military Communications Conference}, 
  title={{MT6D}: A Moving Target IPv6 Defense}, 
  year={2011},
  volume={},
  number={},
  pages={1321-1326},
  doi={10.1109/MILCOM.2011.6127486}}


@inproceedings{article:6LowPAN,
author = {Sherburne, Matthew and Marchany, Randy and Tront, Joseph},
title = {Implementing Moving Target IPv6 Defense to Secure 6LoWPAN in the Internet of Things and Smart Grid},
year = {2014},
isbn = {9781450328128},
publisher = {Association for Computing Machinery},
address = {New York, NY, USA},
url = {https://doi.org/10.1145/2602087.2602107},
doi = {10.1145/2602087.2602107},
booktitle = {Proceedings of the 9th Annual Cyber and Information Security Research Conference},
pages = {37–40},
numpages = {4},
}


@inproceedings{artice:defenseApproach,
  author={Casola, Valentina and De Benedictis, Alessandra and Albanese, Massimiliano},
  title={A moving target defense approach for protecting resource-constrained distributed devices}, 
  year={2013},
  volume={},
  number={},
  pages={22-29},
  doi={10.1109/IRI.2013.6642449}}


@inproceedings{article:microMovingTarget,
  author={Zeitz, Kimberly and Cantrell, Michael and Marchany, Randy and Tront, Joseph},
  booktitle={2017 IEEE/ACM Second International Conference on Internet-of-Things Design and Implementation (IoTDI)}, 
  title={Designing a Micro-moving Target IPv6 Defense for the Internet of Things}, 
  year={2017},
  volume={},
  number={},
  pages={179-184},
  doi={}}






    
@inproceedings{article:addressHopping,
author = {Judmayer, Aljosha and Ullrich, Johanna and Merzdovnik, Georg and Voyiatzis, Artemios G. and Weippl, Edgar},
title = {Lightweight Address Hopping for Defending the IPv6 IoT},
year = {2017},
isbn = {9781450352574},
publisher = {Association for Computing Machinery},
address = {New York, NY, USA},
url = {https://doi.org/10.1145/3098954.3098975},
doi = {10.1145/3098954.3098975},
booktitle = {Proceedings of the 12th International Conference on Availability, Reliability and Security},
articleno = {20},
numpages = {10},
}
    
    
   
@ARTICLE{article:asha,
  author={Nizzi, Francesca and Pecorella, Tommaso and Esposito, Flavio and Pierucci, Laura and Fantacci, Romano},
  journal={IEEE Internet of Things Journal}, 
  title={IoT Security via Address Shuffling: The Easy Way}, 
  year={2019},
  volume={6},
  number={2},
  pages={3764-3774},
  doi={10.1109/JIOT.2019.2892003}}


@electronic{website:IBMAttack,
author = {IBM},
title = {What is an attack surface?},
%year = {n.d.},
note ={\url{https://www.ibm.com/topics/attack-surface} (accessed Jan. 27, 2023)}}